@book{molenberghs2017,
  title={Advanced Modeling Techniques: Course notes},
  author={Molenberghs, G. and Verbeke, G.},
  year={2017}
}

@online{nyacuhealth,
  title={Migraines and Headaches},
  url={http://www.nyacuhealth.com/migraines-and-headaches}
}

@article{vickers2004,
  title={Title of the Article},
  author={Vickers, A. and others},
  journal={BMJ Online},
  year={2004},
  doi={10.1136/bmj.38029.421863.EB}
}
